@article{Aharony:2011fb,
author = {Aharony, Nadav and Pan, Wei and Ip, Cory and Khayal, Inas and Pentland, Alex},
title = {{Social fMRI: Investigating and shaping social mechanisms in the real world}},
journal = {Pervasive and Mobile Computing},
year = {2011},
volume = {7},
number = {6},
pages = {643--659},
month = dec
}

