@article{Miorandi2012,
title = "Internet of things: Vision, applications and research challenges ",
journal = "Ad Hoc Networks ",
volume = "10",
number = "7",
pages = "1497 - 1516",
year = "2012",
note = "",
issn = "1570-8705",
doi = "http://dx.doi.org/10.1016/j.adhoc.2012.02.016",
url = "http://www.sciencedirect.com/science/article/pii/S1570870512000674",
author = "Daniele Miorandi and Sabrina Sicari and Francesco De Pellegrini and Imrich Chlamtac",
keywords = "Internet-of-Things",
keywords = "Web",
keywords = "Smart objects",
keywords = "RFID",
keywords = "Sensors",
keywords = "Actuators",
keywords = "Interoperability",
keywords = "Security "
}

@article{Distefano:2015ir,
author = {Distefano, Salvatore and Merlino, Giovanni and Puliafito, Antonio},
title = {{A framework for device-centric sensing cloud}},
journal = {International Journal of Cloud Computing},
year = {2015},
month = may
}

@article{Perera:2014iz,
author = {Perera, Charith and Zaslavsky, Arkady B and Christen, Peter and Georgakopoulos, Dimitrios},
title = {{Sensing as a service model for smart cities supported by Internet of Things.}},
journal = {Trans. Emerging Telecommunications Technologies ()},
year = {2014},
volume = {25},
number = {1},
pages = {81--93}
}

@INPROCEEDINGS{Worner2014, 
author={W{\"o}rner, Dominic and von Bomhard, Thomas and R\"oschlin, Marc and Wortmann, Felix}, 
booktitle={Internet of Things (IOT), 2014 International Conference on the}, 
title={Look twice: Uncover hidden information in room climate sensor data}, 
year={2014}, 
month={Oct}, 
pages={25-30}, 
keywords={air pollution measurement;hidden Markov models;indoor environment;meteorology;sensor placement;telemetry;CO2 measurement;Netatmo weather station;binary occupancy estimation;hidden Markov model;hidden information;indoor climate;room climate sensor data;sensor connection;sensor deployment;Accuracy;Estimation;Hidden Markov models;Internet of things;Meteorology;Temperature measurement}, 
doi={10.1109/IOT.2014.7030110},}

@report{Kohler2013,
  title={Platforms for the internet of things--An analysis of existing solutions},
  author={K{\"o}hler, Marcus and W{\"o}rner, Dominic and Wortmann, Felix},
  year={2013}, 
  publisher={Technical Report}
}

@inproceedings {Zhang2015,
author = {Ben Zhang and Nitesh Mor and John Kolb and Douglas S. Chan and Ken Lutz and Eric Allman and John Wawrzynek and Edward Lee and John Kubiatowicz},
title = {The Cloud is Not Enough: Saving IoT from the Cloud},
booktitle = {7th USENIX Workshop on Hot Topics in Cloud Computing (HotCloud 15)},
year = {2015},
month = Jul,
address = {Santa Clara, CA},
url = {https://www.usenix.org/conference/hotcloud15/workshop-program/presentation/zhang},
publisher = {USENIX Association},
}

@article{Armbrust:2010:VCC:1721654.1721672,
 author = {Armbrust, Michael and Fox, Armando and Griffith, Rean and Joseph, Anthony D. and Katz, Randy and Konwinski, Andy and Lee, Gunho and Patterson, David and Rabkin, Ariel and Stoica, Ion and Zaharia, Matei},
 title = {A View of Cloud Computing},
 journal = {Commun. ACM},
 issue_date = {April 2010},
 volume = {53},
 number = {4},
 month = apr,
 year = {2010},
 issn = {0001-0782},
 pages = {50--58},
 numpages = {9},
 url = {http://doi.acm.org/10.1145/1721654.1721672},
 doi = {10.1145/1721654.1721672},
 acmid = {1721672},
 publisher = {ACM},
 address = {New York, NY, USA},
} 

@article{10.1109/MC.2011.67,
author = {Prith Banerjee and Richard Friedrich and Cullen Bash and Patrick Goldsack and Bernardo Huberman and John Manley and Chandrakant Patel and Parthasarathy Ranganathan and Alistair Veitch},
title = {Everything as a Service: Powering the New Information Economy},
journal ={Computer},
volume = {44},
number = {3},
issn = {0018-9162},
year = {2011},
pages = {36-43},
doi = {http://doi.ieeecomputersociety.org/10.1109/MC.2011.67},
publisher = {IEEE Computer Society},
address = {Los Alamitos, CA, USA},
}

@article{Brynjolfsson:2010:CCE:1735223.1735234,
 author = {Brynjolfsson, Erik and Hofmann, Paul and Jordan, John},
 title = {Cloud Computing and Electricity: Beyond the Utility Model},
 journal = {Commun. ACM},
 issue_date = {May 2010},
 volume = {53},
 number = {5},
 month = may,
 year = {2010},
 issn = {0001-0782},
 pages = {32--34},
 numpages = {3},
 url = {http://doi.acm.org/10.1145/1735223.1735234},
 doi = {10.1145/1735223.1735234},
 acmid = {1735234},
 publisher = {ACM},
 address = {New York, NY, USA},
} 

@article{fleisch2014business,
  title={Business Models and the Internet of Things},
  author={Fleisch, Elgar and Weinberger, Markus and Wortmann, Felix},
  journal={Whitepaper of the Bosch Internet of Things and Services Lab, a Cooperation of HSG and Bosch},
  year={2014}
}

@article{Bohli:2009:IOE:1517480.1517491,
 author = {Bohli, Jens-Matthias and Sorge, Christoph and Westhoff, Dirk},
 title = {Initial Observations on Economics, Pricing, and Penetration of the Internet of Things Market},
 journal = {SIGCOMM Comput. Commun. Rev.},
 issue_date = {April 2009},
 volume = {39},
 number = {2},
 month = mar,
 year = {2009},
 issn = {0146-4833},
 pages = {50--55},
 numpages = {6},
 url = {http://doi.acm.org/10.1145/1517480.1517491},
 doi = {10.1145/1517480.1517491},
 acmid = {1517491},
 publisher = {ACM},
 address = {New York, NY, USA},
 keywords = {internet of things, market, pricing, sensor networks},
} 

@incollection{Bomhard,
year={2014},
isbn={978-3-319-06700-1},
booktitle={Advancing the Impact of Design Science: Moving from Theory to Practice},
volume={8463},
series={Lecture Notes in Computer Science},
editor={Tremblay, MonicaChiarini and VanderMeer, Debra and Rothenberger, Marcus and Gupta, Ashish and Yoon, Victoria},
title={Designing an Information System for Residential Heating and Ventilation to Improve Comfort and Save Energy},
publisher={Springer International Publishing},
author={von Bomhard, Thomas and W{\"o}rner, Dominic and Wortmann, Felix},
pages={398-402},
language={English}
}

@inproceedings{Worner:2013:OHC:2528282.2528313,
 author = {W\"{o}rner, Dominic and von Bomhard, Thomas and Wortmann, Felix},
 title = {Occupancy-based Heating Control for Residential Buildings Using Environmental Sensors},
 booktitle = {Proceedings of the 5th ACM Workshop on Embedded Systems For Energy-Efficient Buildings},
 series = {BuildSys'13},
 year = {2013},
 isbn = {978-1-4503-2431-1},
 location = {Roma, Italy},
 pages = {28:1--28:2},
 articleno = {28},
 numpages = {2},
 url = {http://doi.acm.org/10.1145/2528282.2528313},
 doi = {10.1145/2528282.2528313},
 acmid = {2528313},
 publisher = {ACM},
 address = {New York, NY, USA},
} 

@article{Perera:2014iz,
author = {Perera, Charith and Zaslavsky, Arkady B and Christen, Peter and Georgakopoulos, Dimitrios},
title = {{Sensing as a service model for smart cities supported by Internet of Things.}},
journal = {Trans. Emerging Telecommunications Technologies ()},
year = {2014},
volume = {25},
number = {1},
pages = {81--93}
}

@article{Sheng:2013cm,
author = {Sheng, Xiang and Tang, Jian and Xiao, Xuejie and Xue, Guoliang},
title = {{Sensing as a Service: Challenges, Solutions and Future Directions}},
journal = {IEEE Sensors Journal},
year = {2013},
volume = {13},
number = {10},
pages = {3733--3741},
month = oct
}

@article{Bohli:2009cx,
author = {Bohli, Jens-Matthias and Sorge, Christoph and Westhoff, Dirk},
title = {{Initial observations on economics, pricing, and penetration of the internet of things market}},
journal = {ACM SIGCOMM Computer Communication Review},
year = {2009},
volume = {39},
number = {2},
pages = {50--55},
month = mar
}

@article{Ganti:2011bv,
author = {Ganti, Raghu K and Ye, Fan and Lei, Hui},
title = {{Mobile crowdsensing: current state and future challenges}},
journal = {IEEE Communications Magazine ()},
year = {2011},
volume = {49},
number = {11},
pages = {32--39},
month = nov
}

@inproceedings{Xiao:2013bt,
author = {Xiao, Yu and Simoens, Pieter and Pillai, Padmanabhan and Ha, Kiryong and Satyanarayanan, Mahadev},
title = {{Lowering the barriers to large-scale mobile crowdsensing}},
booktitle = {the 14th Workshop},
year = {2013},
pages = {1},
publisher = {ACM Press},
address = {New York, New York, USA},
annote = {Device fragmentation makes it hard develop crowd sensing applications and reaching a critcial mass is hard as well
Apps are meant to be self-contained and can't share information with each other}
}

@article{Macias:2013fc,
author = {Macias, Elsa and Suarez, Alvaro and Lloret, Jaime},
title = {{Mobile Sensing Systems}},
journal = {Sensors},
year = {2013},
volume = {13},
number = {12},
pages = {17292--17321},
month = dec
}

@ARTICLE{7101300, 
author={Yang, D. and Xue, G. and Fang, G. and Tang, J.}, 
journal={Networking, IEEE/ACM Transactions on}, 
title={Incentive Mechanisms for Crowdsensing: Crowdsourcing With Smartphones}, 
year={2015}, 
month={}, 
volume={PP}, 
number={99}, 
pages={1-13}, 
keywords={Computational modeling;Crowdsourcing;Games;IEEE transactions;Mechanical factors;Sensors;Smart phones;Crowdsensing;Stackelberg game;crowdsourcing;incentive mechanism}, 
doi={10.1109/TNET.2015.2421897}, 
ISSN={1063-6692},}

@ARTICLE{7065282, 
author={Zhang, X. and Yang, Z. and Sun, W. and Liu, Y. and Tang, S. and Xing, K. and Mao, X.}, 
journal={Communications Surveys Tutorials, IEEE}, 
title={Incentives for Mobile Crowd Sensing: A Survey}, 
year={2015}, 
month={}, 
volume={PP}, 
number={99}, 
pages={1-1}, 
keywords={GSM;Games;Global Positioning System;IEEE 802.11 Standards;Mobile communication;Sensors;Smart phones;Crowd Sensing;Incentive Mechanisms;Reverse Auction}, 
doi={10.1109/COMST.2015.2415528}, 
ISSN={1553-877X},}

@article{nakamoto2008bitcoin,
  title={Bitcoin: A peer-to-peer electronic cash system},
  author={Nakamoto, Satoshi},
  pages={28},
  year={2008}
}

@article{Lamport:1982:BGP:357172.357176,
 author = {Lamport, Leslie and Shostak, Robert and Pease, Marshall},
 title = {The Byzantine Generals Problem},
 journal = {ACM Trans. Program. Lang. Syst.},
 issue_date = {July 1982},
 volume = {4},
 number = {3},
 month = jul,
 year = {1982},
 issn = {0164-0925},
 pages = {382--401},
 numpages = {20},
 url = {http://doi.acm.org/10.1145/357172.357176},
 doi = {10.1145/357172.357176},
 acmid = {357176},
 publisher = {ACM},
 address = {New York, NY, USA},
} 

@article{DBLP:journals/corr/NoyenVWF14,
  author    = {Kay Noyen and
               Dirk Volland and
               Dominic W{\"{o}}rner and
               Elgar Fleisch},
  title     = {When Money Learns to Fly: Towards Sensing as a Service Applications
               Using Bitcoin},
  journal   = {CoRR},
  volume    = {abs/1409.5841},
  year      = {2014},
  url       = {http://arxiv.org/abs/1409.5841},
  timestamp = {Wed, 01 Oct 2014 15:00:04 +0200},
  biburl    = {http://dblp.uni-trier.de/rec/bib/journals/corr/NoyenVWF14},
  bibsource = {dblp computer science bibliography, http://dblp.org}
}

@inproceedings{Worner:2014:YSE:2638728.2638786,
 author = {W\"{o}rner, Dominic and von Bomhard, Thomas},
 title = {When Your Sensor Earns Money: Exchanging Data for Cash with Bitcoin},
 booktitle = {Proceedings of the 2014 ACM International Joint Conference on Pervasive and Ubiquitous Computing: Adjunct Publication},
 series = {UbiComp '14 Adjunct},
 year = {2014},
 isbn = {978-1-4503-3047-3},
 location = {Seattle, Washington},
 pages = {295--298},
 numpages = {4},
 url = {http://doi.acm.org/10.1145/2638728.2638786},
 doi = {10.1145/2638728.2638786},
 acmid = {2638786},
 publisher = {ACM},
 address = {New York, NY, USA},
 keywords = {Bitcoin, data market, sensors},
} 

@article{Jaimes:fz,
author = {Jaimes, Luis G and Vergara-Laurens, Idalides J and Raij, Andrew},
title = {{A Survey on Incentive Techniques for Mobile Crowd Sensing}},
journal = {Internet of Things Journal, IEEE},
pages = {1--1}
}

@article{deMontjoye:2014ip,
author = {de Montjoye, Yves-Alexandre and Shmueli, Erez and Wang, Samuel S and Pentland, Alex Sandy},
title = {{openPDS: Protecting the Privacy of Metadata through SafeAnswers}},
journal = {PLOS ONE},
year = {2014},
volume = {9},
number = {7},
pages = {e98790},
month = sep
}

@incollection{Haderer:2015bx,
author = {Haderer, Nicolas and Paraiso, Fawaz and Ribeiro, Christophe and Merle, Philippe and Rouvoy, Romain and Seinturier, Lionel},
title = {{A Cloud-Based Infrastructure for Crowdsourcing Data from Mobile Devices}},
booktitle = {Crowdsourcing},
year = {2015},
pages = {243--265},
publisher = {Springer Berlin Heidelberg},
address = {Berlin, Heidelberg}
}

@article{Abdelwahab:2014dx,
author = {Abdelwahab, Sherif and Hamdaoui, Bechir and Guizani, Mohsen and Rayes, A},
title = {{Enabling Smart Cloud Services Through Remote Sensing: An Internet of Everything Enabler}},
journal = {Internet of Things Journal, IEEE},
year = {2014},
volume = {1},
number = {3},
pages = {276--288},
month = jun
}

@article{Mendez:2014kf,
author = {Mendez, Diego and A Labrador, Miguel},
title = {{A General Framework for Participatory Sensing Systems}},
journal = {Journal of Networks},
year = {2014},
volume = {9},
number = {11},
pages = {2994--3004},
month = feb
}

@article{zyskind2015enigma,
  title={Enigma: Decentralized Computation Platform with Guaranteed Privacy},
  author={Zyskind, Guy and Nathan, Oz and Pentland, Alex},
  journal={arXiv preprint arXiv:1506.03471},
  year={2015}
}

@ARTICLE{6069707, 
author={Ganti, R.K. and Fan Ye and Hui Lei}, 
journal={Communications Magazine, IEEE}, 
title={Mobile crowdsensing: current state and future challenges}, 
year={2011}, 
month={November}, 
volume={49}, 
number={11}, 
pages={32-39}, 
keywords={Internet;mobile computing;Internet of Things;computing devices;consumer-centric mobile sensing;in-vehicle sensors;mobile crowdsensing;music players;smart phones;Global Positioning System;Mobile communication;Mobile handsets;Pollution measurement;Sensors;Smart phones;Social factors}, 
doi={10.1109/MCOM.2011.6069707}, 
ISSN={0163-6804},}

@article{burke2006participatory,
  title={Participatory sensing},
  author={Burke, Jeffrey A and Estrin, Deborah and Hansen, Mark and Parker, Andrew and Ramanathan, Nithya and Reddy, Sasank and Srivastava, Mani B},
  journal={Center for Embedded Network Sensing},
  year={2006}
}

@book{anderson2013makers,
  title={Makers},
  author={Anderson, Chris},
  year={2013},
  publisher={Wereldbibliotheek}
}

@incollection{douceur2002sybil,
  title={The sybil attack},
  author={Douceur, John R},
  booktitle={Peer-to-peer Systems},
  pages={251--260},
  year={2002},
  publisher={Springer}
}

@book{Staiano:2014jm,
author = {Staiano, Jacopo and Oliver, Nuria and Lepri, Bruno and de Oliveira, Rodrigo and Caraviello, Michele and Sebe, Nicu},
title = {{Money walks: a human-centric study on the economics of personal mobile data}},
publisher = {ACM},
year = {2014},
series = {a human-centric study on the economics of personal mobile data},
address = {New York, New York, USA},
month = sep
}

@article{Aharony:2011:SFI:2072697.2073099,
 author = {Aharony, Nadav and Pan, Wei and Ip, Cory and Khayal, Inas and Pentland, Alex},
 title = {Social fMRI: Investigating and Shaping Social Mechanisms in the Real World},
 journal = {Pervasive Mob. Comput.},
 issue_date = {December, 2011},
 volume = {7},
 number = {6},
 month = dec,
 year = {2011},
 issn = {1574-1192},
 pages = {643--659},
 numpages = {17},
 url = {http://dx.doi.org/10.1016/j.pmcj.2011.09.004},
 doi = {10.1016/j.pmcj.2011.09.004},
 acmid = {2073099},
 publisher = {Elsevier Science Publishers B. V.},
 address = {Amsterdam, The Netherlands, The Netherlands},
 keywords = {Mobile health, Mobile sensing, Rich data, Social computing, Social health},
} 

@ARTICLE{7055221, 
author={Jaimes, L.G. and Vergara-Laurens, I.J. and Raij, A.}, 
journal={Internet of Things Journal, IEEE}, 
title={A Survey on Incentive Techniques for Mobile Crowd Sensing}, 
year={2015}, 
volume={PP}, 
number={99}, 
pages={1-1}, 
keywords={Heuristic algorithms;Incentive schemes;Internet of things;Recruitment;Taxonomy;Temperature sensors;Crowd Sensing;Games;Incentives;Reverse Auction}, 
doi={10.1109/JIOT.2015.2409151}, 
ISSN={2327-4662}, 
month={},}

@ARTICLE{7065282, 
author={Zhang, X. and Yang, Z. and Sun, W. and Liu, Y. and Tang, S. and Xing, K. and Mao, X.}, 
journal={Communications Surveys Tutorials, IEEE}, 
title={Incentives for Mobile Crowd Sensing: A Survey}, 
year={2015}, 
volume={PP}, 
number={99}, 
pages={1-1}, 
keywords={GSM;Games;Global Positioning System;IEEE 802.11 Standards;Mobile communication;Sensors;Smart phones;Crowd Sensing;Incentive Mechanisms;Reverse Auction}, 
doi={10.1109/COMST.2015.2415528}, 
ISSN={1553-877X}, 
month={},}


@article{weiser1991computer,
  title={The computer for the 21st century},
  author={Weiser, Mark},
  journal={Scientific american},
  volume={265},
  number={3},
  pages={94--104},
  year={1991},
  publisher={Nature Publishing Group}
}

@article{ashton2009internet,
  title={That ‘internet of things’ thing},
  author={Ashton, Kevin},
  journal={RFiD Journal},
  volume={22},
  number={7},
  pages={97--114},
  year={2009}
}

@article{poonbitcoin,
  title={The Bitcoin Lightning Network},
  author={Poon, Joseph and Dryja, Thaddeus},
  website={https://lightning.network/}
}

@incollection{decker2015Duplex,
year={2015},
isbn={978-3-319-21740-6},
booktitle={Stabilization, Safety, and Security of Distributed Systems},
volume={9212},
series={Lecture Notes in Computer Science},
editor={Pelc, Andrzej and Schwarzmann, Alexander A.},
doi={10.1007/978-3-319-21741-3_1},
title={A Fast and Scalable Payment Network with Bitcoin Duplex Micropayment Channels},
url={http://dx.doi.org/10.1007/978-3-319-21741-3_1},
publisher={Springer International Publishing},
author={Decker, Christian and Wattenhofer, Roger},
pages={3-18},
language={English}
}

@article{schomm2013marketplaces,
  title={Marketplaces for data: An initial survey},
  author={Schomm, Fabian and Stahl, Florian and Vossen, Gottfried},
  journal={ACM SIGMOD Record},
  volume={42},
  number={1},
  pages={15--26},
  year={2013},
  publisher={ACM}
}

@inproceedings{stahl2014data,
  title={Data Marketplaces: An Emerging Species},
  author={Stahl, Florian and Schomm, Fabian and Vossen, Gottfried},
  booktitle={Databases and Information Systems VIII: Selected Papers from the Eleventh International Baltic Conference, DB\&IS 2014},
  volume={270},
  pages={145},
  year={2014},
  organization={IOS Press}
}

@inproceedings{zyskind2015decentralizing,
  title={Decentralizing Privacy: Using Blockchain to Protect Personal Data},
  author={Zyskind, Guy and Nathan, Oz and Pentland, Alex'Sandy'},
  booktitle={Security and Privacy Workshops (SPW), 2015 IEEE},
  pages={180--184},
  year={2015},
  organization={IEEE}
}

@article{Hevner:2004:DSI:2017212.2017217,
 author = {Hevner, Alan R. and March, Salvatore T. and Park, Jinsoo and Ram, Sudha},
 title = {Design Science in Information Systems Research},
 journal = {MIS Q.},
 issue_date = {March 2004},
 volume = {28},
 number = {1},
 month = mar,
 year = {2004},
 issn = {0276-7783},
 pages = {75--105},
 numpages = {31},
 url = {http://dl.acm.org/citation.cfm?id=2017212.2017217},
 acmid = {2017217},
 publisher = {Society for Information Management and The Management Information Systems Research Center},
 address = {Minneapolis, MN, USA},
 keywords = {business environment, creativity, design artifact, design science, experimental methods, information systems research methodologies, search strategies, technology infrastructure},
} 

@article{Peffers:2007:DSR:1481765.1481768,
 author = {Peffers, Ken and Tuunanen, Tuure and Rothenberger, Marcus and Chatterjee, Samir},
 title = {A Design Science Research Methodology for Information Systems Research},
 journal = {J. Manage. Inf. Syst.},
 issue_date = {Number 3 / Winter 2007-2008},
 volume = {24},
 number = {3},
 month = dec,
 year = {2007},
 issn = {0742-1222},
 pages = {45--77},
 numpages = {33},
 url = {http://dx.doi.org/10.2753/MIS0742-1222240302},
 doi = {10.2753/MIS0742-1222240302},
 acmid = {1481768},
 publisher = {M. E. Sharpe, Inc.},
 address = {Armonk, NY, USA},
 keywords = {Case Study, Design Science, Design Science Research, Design Theory, Mental Model, Methodology, Process Model},
} 


@inproceedings{worner2011,
  title={Quantum Transport in the {FMO} Complex},
  author={W{\"o}rner, Dominic and Evers, J\"org},
  booktitle={{DPG} {F}r{\"u}hjahrstagung {D}resden (Poster)},
  year={2011},
}

@article{von2014towards,
  title={Towards smart individual-room heating for residential buildings},
  author={von Bomhard, Thomas and W{\"o}rner, Dominic and R{\"o}schlin, Marc},
  journal={Computer Science-Research and Development},
  pages={1--8},
  year={2014},
  publisher={Springer Berlin Heidelberg}
}

@misc{diplom,
  author       = {W{\"o}rner, Dominic}, 
  title        = {Non-local Initial States and Correlations in the Excitation Transport of the {FMO} Complex},
  school       = {Ruprecht-Karls-University Heidelberg},
  year         = 2011,
  url         = {http://hdl.handle.net/11858/00-001M-0000-0012-24F4-7}
}





@inproceedings{HubAndSpoke,
  title={Hub and Spoke Nanopayments with Bitcoin: The Case of Mobile Sensing},
  author={Bungiu, Francisc and Decker, Christian and W{\"o}rner, Dominic},
  booktitle={Conference contribution},
  year={2016},
  keywords={planned},
}

@inproceedings{ecis,
  title={The Impact of Digital Currencies on Digital Business Models},
  author={W{\"o}rner, Dominic and von Bomhard, Thomas and Wortmann, Felix},
  booktitle={Conference contribution (ECIS)},
  year={2016},
  keywords={planned},
}

@article{bise,
  title={Blockchain Technology: From Digital Currencies to Decentralized Autonomous Organizations},
  author={W{\"o}rner, Dominic and Wortmann, Felix},
  journal={Business \& Information Systems Engineering},
  year={2016},
  keywords={planned},
}

@article{energy,
  title={Usage of a smart single-room heating system: Evidence from a Fieldstudy in {S}witzerland},
  author={von Bomhard, Thomas and W{\"o}rner, Dominic and Wortmann, Felix and Fleisch, Elgar},
  journal={Energy and Buildings},
  year={2016},
  keywords={planned},
}

@article{datamarket,
author={W{\"o}rner, Dominic and Zyskind, Guy and Fleisch, Elgar and Pentland, Alexander}, 
journal={IEEE Transactions on Emerging Topics in Computing Special Issue on Sensor Data Computing as a Service in Internet of Things}, 
title={Building blocks of a real-time data market for the Internet of Things}, 
year={2016},
keywords={planned},
}



